<?xml version="1.0" encoding="UTF-8"?><collection xmlns="http://www.loc.gov/MARC21/slim"><record><leader>00352nam--2200133-i-4500</leader><controlfield tag="001">000003326</controlfield><controlfield tag="002">20161230</controlfield><controlfield tag="005">20161230201025</controlfield><controlfield tag="008">060222s1000------------r-----000-0-eng-d</controlfield><datafield ind1=" " ind2=" " tag="100"><subfield code="a">Courant, R., Hilbert, D</subfield></datafield><datafield ind1=" " ind2=" " tag="245"><subfield code="a">Methoden der mathematischen physik</subfield></datafield><datafield ind1=" " ind2=" " tag="260"><subfield code="a">Berlin, Verlag Von Julius Springer, 1937</subfield></datafield><datafield ind1=" " ind2=" " tag="490"><subfield code="a">Xiv+469p</subfield></datafield><datafield ind1=" " ind2=" " tag="852"><subfield code="a">517.947:53.02</subfield></datafield></record></collection>